@book{Burden2017,
  title = {Análisis {N}umérico},
  author = {Burden, Richard L. and Faires, J. Douglas and Burden, Annette M.},
  edition = {10},
  publisher = {Cengage Learning},
  year = {2017},
  url = {https://latam.cengage.com/libros/analisis-numerico-2},
  keywords = {book},
}

@book{Kincaid1994,
  title = {Análisis {N}umérico: las matemáticas del cálculo científico},
  author = {Kincaid, David R. and Ward Cheney, E. and Martínez Enríquez, Rafael
            and Torres Alcaraz, Carlos and Fetter, Hans L.},
  edition = {1},
  publisher = {Addison - Wesley Iberoamericana},
  year = {1994},
  keywords = {book},
}

@book{Kincaid2012,
  title = {Numerical {M}athematics and {C}omputing},
  author = {Kincaid, David R. and Ward Cheney, E.},
  edition = {7},
  publisher = {Cengage Learning},
  year = {2012},
  keywords = {book},
}

@book{Quarteroni2007,
  title = {Numerical Mathematics},
  author = {Quarteroni, Alfio and Sacco, Riccardo and Saleri, Fausto},
  year = {2007},
  publisher = {Springer Berlin Heidelberg},
  doi = {10.1007/b98885},
  keywords = {book},
}

@book{Hämmerlin1991,
  title = {Numerical Mathematics},
  author = {Hämmerlin, Günther and Hoffman, Karl-Heinz},
  year = {1991},
  publisher = {Springer New York},
  doi = {10.1007/978-1-4612-4442-4},
  keywords = {book},
}

@book{Kress1998,
  title = {Numerical Analysis},
  author = {Kress, Rainer},
  year = {1998},
  publisher = {Springer New York},
  doi = {10.1007/978-1-4612-0599-9_1},
  keywords = {book},
}

@online{python,
  Author = {Python Software Foundation},
  Title = {Python 3.11.4 documentation},
  URL = {https://docs.python.org/3/library/functions.html#int},
  URLDATE = {2023-06-20},
  keywords = {online},
}

@article{10.1145/103162.103163,
  author = {Goldberg, David},
  title = {What Every Computer Scientist Should Know about Floating-Point
           Arithmetic},
  year = {1991},
  issue_date = {March 1991},
  publisher = {Association for Computing Machinery},
  address = {New York, NY, USA},
  volume = {23},
  number = {1},
  issn = {0360-0300},
  doi = {10.1145/103162.103163},
  journal = {ACM Comput. Surv.},
  month = {mar},
  pages = {5–48},
  numpages = {44},
  keywords = {paper},
}